@misc{telerik-rtc,
  author = {Sam Basu},
  title  = {Real-Time Communication Techniques},
  year   = {2019},
  url    = {https://www.telerik.com/blogs/real-time-communication-techniques}
}

@misc{alby-ws,
  author = {Alex Diaconu},
  title  = {The WebSocket API and protocol explained},
  year   = {2023},
  url    = {https://ably.com/topic/websockets}
}

@misc{alby-ws-alt,
  author = {Alex Diaconu},
  title  = {The best WebSocket alternatives in 2023},
  year   = {2023},
  url    = {https://ably.com/topic/websocket-alternatives}
}

@misc{mdn-ws,
  title = {The WebSocket API (WebSockets)},
  url   = {https://developer.mozilla.org/en-US/docs/Web/API/WebSockets_API}
}

@misc{ws-rfc,
  author = {I. Fette and A. Melnikov},
  title  = {The WebSocket Protocol},
  year   = {2011},
  url    = {https://datatracker.ietf.org/doc/html/rfc6455}
}

@misc{mdn-sse,
  title = {Server-sent events},
  url   = {https://developer.mozilla.org/en-US/docs/Web/API/Server-sent_events}
}

@misc{html-spec-sse,
  title = {Server-sent events},
  year  = {2024},
  url   = {https://html.spec.whatwg.org/multipage/server-sent-events.html}
}

@misc{mdn-wt,
  title = {WebTransport},
  url   = {https://developer.mozilla.org/en-US/docs/Web/API/WebTransport}
}

@misc{w3-wt,
  author = {Bernard Aboba, Nidhi Jaju and Victor Vasiliev},
  title  = {WebTransport},
  year   = {2023},
  url    = {https://www.w3.org/TR/webtransport/}
}

@misc{figma-rtc,
  author = {Evan Wallace},
  title  = {How Figma's multiplayer technology works},
  year   = {2019},
  url    = {https://www.figma.com/blog/how-figmas-multiplayer-technology-works/}
}

@misc{ot,
  author = {Abhinav Verma},
  title  = {The Basics of Operational Transformation},
  year   = {2023},
  url    = {https://dev.to/sudoboink/the-basics-of-operational-transformation-288j}
}

@misc{figma-rust,
  author = {Evan Wallace},
  title  = {Rust in production at Figma},
  year   = {2018},
  url    = {https://www.figma.com/blog/rust-in-production-at-figma/}
}

@misc{polyfill,
  author = {Wikipedia contributors},
  title  = {Polyfill (programming)},
  year   = {2024},
  url    = {https://en.wikipedia.org/wiki/Polyfill_(programming)}
}

@misc{alby-ws-libs,
  author = {Alby},
  title  = {8 best WebSocket libraries for Node},
  year   = {2023},
  url    = {https://ably.com/blog/websocket-libraries-for-node}
}

@misc{logrocket-ws-libs,
  author = {Oyinkansola Awosan},
  title  = {Top WebSocket libraries for Node.js in 2022},
  year   = {2021},
  url    = {https://blog.logrocket.com/top-websocket-libraries-nodejs-2022/}
}

@misc{atatus-ws-libs,
  author = {Janani},
  title  = {9 Best WebSocket Libraries for Node.js in 2024},
  year   = {2022},
  url    = {https://www.atatus.com/blog/websocket-libraries-for-nodejs/}
}

@misc{socket-io-vs-socketcluster,
  author = {Noam Shemesh},
  title  = {Socket.IO vs SocketCluster: What are the differences?},
  year   = {2020},
  url    = {https://stackshare.io/stackups/socket-io-vs-socketcluster}
}

@misc{mercure,
  title = {Mercure Documentation},
  year  = {2024},
  url   = {https://mercure.rocks/docs}
}

@misc{socketio,
  title = {SocketIO Documentation},
  year  = {2024},
  url   = {https://socket.io/docs/v4/}
}

@misc{w3-sse,
  title = {HTML SSE API},
  url   = {https://www.w3schools.com/html/html5_serversentevents.asp}
}

@misc{asyncapi,
  title = {Building the future of Event-Driven Architectures (EDA)},
  url   = {https://www.asyncapi.com/}
}

@misc{asyncapi-docs,
  title = {Welcome to AsyncAPI Docs!},
  url   = {https://www.asyncapi.com/docs}
}

@misc{crdt,
  author = {Wikipedia contributors},
  title  = {Conflict-free replicated data type},
  year   = {2024},
  url    = {https://en.wikipedia.org/wiki/Conflict-free_replicated_data_type}
}

@misc{socketcluster,
  title = {SocketCluster},
  year  = {2024},
  url   = {https://socketcluster.io/}
}

@misc{ws,
  title = {ws},
  year  = {2024},
  url   = {https://github.com/websockets/ws}
}

@misc{uwebsockets,
  title = {uWebSockets},
  year  = {2024},
  url   = {https://github.com/uNetworking/uWebSockets}
}

@misc{websockets-node,
  title = {WebSockets-Nod},
  year  = {2024},
  url   = {https://github.com/theturtle32/WebSocket-Node}
}

@misc{sockjs,
  title = {SocketJS},
  year  = {2022},
  url   = {https://github.com/sockjs}
}

@misc{faye,
  title = {Faye},
  year  = {2020},
  url   = {https://github.com/faye/faye}
}

@misc{sockette,
  title = {Sockette},
  year  = {2019},
  url   = {https://www.npmjs.com/package/sockette}
}

@misc{poc-client,
  author = {Jari Valentine},
  title  = {thesis-poc-web-client},
  year   = {2024},
  url    = {https://github.com/jarivalentine/thesis-poc-web-client}
}

@misc{poc-server,
  author = {Jari Valentine},
  title  = {thesis-poc-node-server},
  year   = {2024},
  url    = {https://github.com/jarivalentine/thesis-poc-node-server}
}
